
 @online{StackExchange,
	title        = {tex.stackexchange},
	organization = {StackExchange},
	urldate      = {2024-03-10},
	url          = {https://tex.stackexchange.com/},
}

 @online{CervanTeX,
	title        = {CervanTeX},
	organization = {Grupo de Usuarios de TeX Hispanohablantes},
	urldate      = {2024-02-10},
	url          = {http://cervantex.es/},
}
 @online{TUG,
	title        = {TUG},
	organization = {TeX Users Group},
	urldate      = {2024-02-10},
	url          = {https://tug.org/},
}

 @online{wikibook,
	title        = {LaTeX},
	organization = {Wikibooks},
	urldate      = {2024-02-10},
	url          = {https://en.wikibooks.org/wiki/LaTeX},
}
