
@book{@735-KARL2002,
keywords          = {,LIBRO,CHARLAUBA,RUBIO,seminarioUBA},
author            = {Karl Marx},
editor            = {Jean Kesler},
foreword          = {Jean Kesler},
title             = {Misère de la philosophie. Réponse à la philosophie de la misère de M. Proudhon},
date              = {2002},
location          = {París},
publisher         = {Payot \& Rivages},
hyphenation       = {french},
}
@book{@736-KARL2004,
keywords          = {,CHARLAUBA,RUBIO,CHARLAROME,seminarioUBA},
author            = {Karl Marx},
editor            = {Jean Kesler},
translator        = {Tomás Onaindia},
foreword          = {Jean Kesler},
title             = {Miseria de la filosofía},
date              = {2004},
location          = {Madrid},
publisher         = {EDAF},
hyphenation       = {spanish},
related           = {@735-KARL2002},
relatedtype       = {translationof},
}
@book{@5288-DONALD1968,
keywords          = {,SEMINARIOUBA},
author            = {Donald Knuth},
title             = {The Art of Computer Programming},
date              = {1969},
volumes           = {7},
location          = {Boston},
publisher         = {Addison-Wesley},
hyphenation       = {english},
langId            = {british},
language          = {english},
origlanguage      = {english},
}
@book{@6282-DIAMAND1984,
keywords          = {,INTRO,SEMINARIOUBA},
author            = {Diamand, Marcelo},
title             = {El péndulo argentino: ¿hasta cuándo?},
date              = {1984},
location          = {Buenos Aires},
publisher         = {CERE},
hyphenation       = {spanish},
}
@book{@6404-HAYAO2005,
keywords          = {,SEMINARIOUBA},
author            = {Hayao Miyazaki},
title             = {Mi vecino Totoro},
date              = {2005},
location          = {San Francisco},
publisher         = {Viz Media},
hyphenation       = {spanish},
issn              = {978-1-4215-6122-6},
}
@book{@6443-DONALD1969,
keywords          = {,SEMINARIOUBA},
author            = {Donald Knuth},
title             = {El arte de programar computadoras},
date              = {1997},
volumes           = {7},
location          = {Boston},
publisher         = {Addison-Wesley},
hyphenation       = {spanish},
}
@inproceedings{@6444-LECUN2015,
keywords          = {,SEMINARIOUBA},
author            = {LeCun, Yann and Bengio, Yoshua and Hinton, Geoffrey},
title             = {Deep Learning},
booktitle         = {Advances in Neural Information Processing Systems 28},
date              = {2015},
publisher         = {Curran Associates, Inc.},
pages             = {2500-2508},
hyphenation       = {english},
}
@inproceedings{@6445-LECUN2015,
keywords          = {,SEMINARIOUBA},
author            = {LeCun, Yann and Bengio, Yoshua and Hinton, Geoffrey},
title             = {Aprendizaje profundo},
booktitle         = {Avances en Sistemas de Procesamiento de Información Neuronal 28},
date              = {2015},
publisher         = {Curran Associates, Inc.},
pages             = {2500-2508},
hyphenation       = {spanish},
related           = {@6444-LECUN2015},
relatedtype       = {translationof},
}
@book{@6592-ALAIN2017,
keywords          = {,20241012BARBERENA,seminarioUBA},
author            = {Alain Rouquié},
title             = {El siglo de Perón: ensayo sobre las democracias hegemónicas},
date              = {2017},
location          = {Buenos Aires},
publisher         = {Edhasa},
hyphenation       = {spanish},
}
@article{@6773-ESTEVEZ1993,
keywords          = {,20241130AGUILA,seminarioUBA},
author            = {Estévez, Eduardo},
title             = {Argentina's intelligence after ten years of democracy: the challenge of reform and congressional oversight},
journaltitle      = {Federation of American Scientists},
date              = {1993},
hyphenation       = {spanish},
}

@Comment{generado con gbTeXpublisher; databaseType:biblatex; fecha de creación: 09/05/2025;}