@Article{Agueero2012,
  Title                    = {La extinción del Cabildo en la República de Córdoba, 1815-1824},
  Author                   = {Agüero, Alejandro},
  Journaltitle             = {Boletí­n del Instituto de Historia Argentina y Americana \enquote{Dr. Emilio Ravignani}},
  Year                     = {2012},
  Eid                      = {Buenos Aires},
  Number                   = {37},
  year                     = {2099},
  Hyphenation              = {spanish},
  Keywords                 = {listar},
}

